%YAML 1.1
%TAG !u! tag:unity3d.com,2011:
--- !u!1001 &100100000
Prefab:
  m_ObjectHideFlags: 1
  serializedVersion: 2
  m_Modification:
    m_TransformParent: {fileID: 0}
    m_Modifications: []
    m_RemovedComponents: []
  m_ParentPrefab: {fileID: 0}
  m_RootGameObject: {fileID: 1295586869068546}
  m_IsPrefabParent: 1
--- !u!1 &1295586869068546
GameObject:
  m_ObjectHideFlags: 0
  m_PrefabParentObject: {fileID: 0}
  m_PrefabInternal: {fileID: 100100000}
  serializedVersion: 5
  m_Component:
  - component: {fileID: 4735603400371206}
  - component: {fileID: 20485432581560872}
  - component: {fileID: 124348063841142110}
  - component: {fileID: 92754367467819360}
  - component: {fileID: 81638442371182730}
  - component: {fileID: 114685265788223118}
  - component: {fileID: 95898027437412322}
  - component: {fileID: 114535555469713584}
  - component: {fileID: 114695463151840892}
  m_Layer: 0
  m_Name: Main Camera
  m_TagString: Untagged
  m_Icon: {fileID: 0}
  m_NavMeshLayer: 0
  m_StaticEditorFlags: 0
  m_IsActive: 1
--- !u!4 &4735603400371206
Transform:
  m_ObjectHideFlags: 1
  m_PrefabParentObject: {fileID: 0}
  m_PrefabInternal: {fileID: 100100000}
  m_GameObject: {fileID: 1295586869068546}
  m_LocalRotation: {x: 0.53729963, y: 0, z: 0, w: 0.8433915}
  m_LocalPosition: {x: 0, y: 18, z: -9.5}
  m_LocalScale: {x: 1, y: 1, z: 1}
  m_Children: []
  m_Father: {fileID: 0}
  m_RootOrder: 0
  m_LocalEulerAnglesHint: {x: 65, y: 0, z: 0}
--- !u!20 &20485432581560872
Camera:
  m_ObjectHideFlags: 1
  m_PrefabParentObject: {fileID: 0}
  m_PrefabInternal: {fileID: 100100000}
  m_GameObject: {fileID: 1295586869068546}
  m_Enabled: 1
  serializedVersion: 2
  m_ClearFlags: 1
  m_BackGroundColor: {r: 0.19215687, g: 0.3019608, b: 0.4745098, a: 0}
  m_NormalizedViewPortRect:
    serializedVersion: 2
    x: 0
    y: 0
    width: 1
    height: 1
  near clip plane: 0.3
  far clip plane: 1000
  field of view: 1
  orthographic: 0
  orthographic size: 12
  m_Depth: 0
  m_CullingMask:
    serializedVersion: 2
    m_Bits: 4294967295
  m_RenderingPath: -1
  m_TargetTexture: {fileID: 0}
  m_TargetDisplay: 0
  m_TargetEye: 3
  m_HDR: 0
  m_AllowMSAA: 1
  m_AllowDynamicResolution: 0
  m_ForceIntoRT: 0
  m_OcclusionCulling: 1
  m_StereoConvergence: 10
  m_StereoSeparation: 0.022
--- !u!81 &81638442371182730
AudioListener:
  m_ObjectHideFlags: 1
  m_PrefabParentObject: {fileID: 0}
  m_PrefabInternal: {fileID: 100100000}
  m_GameObject: {fileID: 1295586869068546}
  m_Enabled: 1
--- !u!92 &92754367467819360
Behaviour:
  m_ObjectHideFlags: 1
  m_PrefabParentObject: {fileID: 0}
  m_PrefabInternal: {fileID: 100100000}
  m_GameObject: {fileID: 1295586869068546}
  m_Enabled: 1
--- !u!95 &95898027437412322
Animator:
  serializedVersion: 3
  m_ObjectHideFlags: 1
  m_PrefabParentObject: {fileID: 0}
  m_PrefabInternal: {fileID: 100100000}
  m_GameObject: {fileID: 1295586869068546}
  m_Enabled: 1
  m_Avatar: {fileID: 0}
  m_Controller: {fileID: 9100000, guid: 7e14850575a18184d939a6a71b7b0321, type: 2}
  m_CullingMode: 0
  m_UpdateMode: 0
  m_ApplyRootMotion: 0
  m_LinearVelocityBlending: 0
  m_WarningMessage: 
  m_HasTransformHierarchy: 1
  m_AllowConstantClipSamplingOptimization: 1
--- !u!114 &114535555469713584
MonoBehaviour:
  m_ObjectHideFlags: 1
  m_PrefabParentObject: {fileID: 0}
  m_PrefabInternal: {fileID: 100100000}
  m_GameObject: {fileID: 1295586869068546}
  m_Enabled: 1
  m_EditorHideFlags: 0
  m_Script: {fileID: 11500000, guid: 0b2688cc7c781524a89d88669afe9d1f, type: 3}
  m_Name: 
  m_EditorClassIdentifier: 
  MainC: {fileID: 20485432581560872}
  SecC: {fileID: 0}
  ThrC: {fileID: 0}
  FourC: {fileID: 0}
  RingC: {fileID: 0}
  Player1: {fileID: 0}
  Player2: {fileID: 0}
  Transit: {fileID: 95898027437412322}
  Transit2: {fileID: 0}
  Transit3: {fileID: 0}
  CameraSetTime: 3
--- !u!114 &114685265788223118
MonoBehaviour:
  m_ObjectHideFlags: 1
  m_PrefabParentObject: {fileID: 0}
  m_PrefabInternal: {fileID: 100100000}
  m_GameObject: {fileID: 1295586869068546}
  m_Enabled: 1
  m_EditorHideFlags: 0
  m_Script: {fileID: 11500000, guid: ff26db721962cdf4a8edcdfa9a767d2a, type: 3}
  m_Name: 
  m_EditorClassIdentifier: 
  profile: {fileID: 11400000, guid: 8fe6a3cf6a7fc044f9c3c35938ca7125, type: 2}
--- !u!114 &114695463151840892
MonoBehaviour:
  m_ObjectHideFlags: 1
  m_PrefabParentObject: {fileID: 0}
  m_PrefabInternal: {fileID: 100100000}
  m_GameObject: {fileID: 1295586869068546}
  m_Enabled: 1
  m_EditorHideFlags: 0
  m_Script: {fileID: 11500000, guid: e5320c20f3664cc43a44f855e8428c04, type: 3}
  m_Name: 
  m_EditorClassIdentifier: 
--- !u!124 &124348063841142110
Behaviour:
  m_ObjectHideFlags: 1
  m_PrefabParentObject: {fileID: 0}
  m_PrefabInternal: {fileID: 100100000}
  m_GameObject: {fileID: 1295586869068546}
  m_Enabled: 1
